@article{khan2016survey,
  title={A survey on Test Suite Reduction frameworks and tools},
  author={Khan, Saif Ur Rehman and Lee, Sai Peck and Ahmad, Raja Wasim and Akhunzada, Adnan and Chang, Victor},
  journal={International Journal of Information Management},
  volume={36},
  number={6},
  pages={963--975},
  year={2016},
  publisher={Elsevier}
}

@inproceedings{miranda2018fast,
  title={Fast approaches to scalable similarity-based test case prioritization},
  author={Miranda, Breno and Cruciani, Emilio and Verdecchia, Roberto and Bertolino, Antonia},
  booktitle={2018 IEEE/ACM 40th International Conference on Software Engineering (ICSE)},
  pages={222--232},
  year={2018},
  organization={IEEE}
}

@inproceedings{cruciani2019scalable,
  title={Scalable approaches for test suite reduction},
  author={Cruciani, Emilio and Miranda, Breno and Verdecchia, Roberto and Bertolino, Antonia},
  booktitle={2019 IEEE/ACM 41st International Conference on Software Engineering (ICSE)},
  pages={419--429},
  year={2019},
  organization={IEEE}
}

@inproceedings{coviello2018clustering,
  title={Clustering support for inadequate test suite reduction},
  author={Coviello, Carmen and Romano, Simone and Scanniello, Giuseppe and Marchetto, Alessandro and Antoniol, Giuliano and Corazza, Anna},
  booktitle={2018 IEEE 25th International Conference on Software Analysis, Evolution and Reengineering (SANER)},
  pages={95--105},
  year={2018},
  organization={IEEE}
}

@inproceedings{coutinho2013test,
  title={Test suite reduction based on similarity of test cases},
  author={Coutinho, AEVB and Cartaxo, Emanuela G and Machado, Patr{\'\i}cia DL and SPLab-UFCG, Campina Grande},
  booktitle={7st Brazilian workshop on systematic and automated software testing—CBSoft},
  volume={2013},
  year={2013}
}

@inproceedings{blue2013interaction,
  title={Interaction-based test-suite minimization},
  author={Blue, Dale and Segall, Itai and Tzoref-Brill, Rachel and Zlotnick, Aviad},
  booktitle={2013 35th International Conference on Software Engineering (ICSE)},
  pages={182--191},
  year={2013},
  organization={IEEE}
}

@inproceedings{zhou2012fault,
  title={On the fault-detection capabilities of adaptive random test case prioritization: Case studies with large test suites},
  author={Zhou, Zhi Quan and Sinaga, Arnaldo and Susilo, Willy},
  booktitle={2012 45th Hawaii International Conference on System Sciences},
  pages={5584--5593},
  year={2012},
  organization={IEEE}
}

@inproceedings{shi2015comparing,
  title={Comparing and combining test-suite reduction and regression test selection},
  author={Shi, August and Yung, Tifany and Gyori, Alex and Marinov, Darko},
  booktitle={Proceedings of the 2015 10th joint meeting on foundations of software engineering},
  pages={237--247},
  year={2015}
}

@article{lin2009analysis,
  title={Analysis of test suite reduction with enhanced tie-breaking techniques},
  author={Lin, Jun-Wei and Huang, Chin-Yu},
  journal={Information and Software Technology},
  volume={51},
  number={4},
  pages={679--690},
  year={2009},
  publisher={Elsevier}
}

@article{mcmaster2008call,
  title={Call-stack coverage for gui test suite reduction},
  author={McMaster, Scott and Memon, Atif},
  journal={IEEE Transactions on Software Engineering},
  volume={34},
  number={1},
  pages={99--115},
  year={2008},
  publisher={IEEE}
}

@inproceedings{shi2014balancing,
  title={Balancing trade-offs in test-suite reduction},
  author={Shi, August and Gyori, Alex and Gligoric, Milos and Zaytsev, Andrey and Marinov, Darko},
  booktitle={Proceedings of the 22nd ACM SIGSOFT International Symposium on Foundations of Software Engineering},
  pages={246--256},
  year={2014}
}

@inproceedings{fraser2007redundancy,
  title={Redundancy based test-suite reduction},
  author={Fraser, Gordon and Wotawa, Franz},
  booktitle={International Conference on Fundamental Approaches to Software Engineering},
  pages={291--305},
  year={2007},
  organization={Springer}
}

@inproceedings{zhong2006experimental,
  title={An experimental comparison of four test suite reduction techniques},
  author={Zhong, Hao and Zhang, Lu and Mei, Hong},
  booktitle={Proceedings of the 28th international conference on Software engineering},
  pages={636--640},
  year={2006}
}

@article{jeffrey2007improving,
  title={Improving fault detection capability by selectively retaining test cases during test suite reduction},
  author={Jeffrey, Dennis and Gupta, Neelam},
  journal={IEEE Transactions on software Engineering},
  volume={33},
  number={2},
  pages={108--123},
  year={2007},
  publisher={IEEE}
}

@inproceedings{jeffrey2005test,
  title={Test suite reduction with selective redundancy},
  author={Jeffrey, Dennis and Gupta, Neelam},
  booktitle={21st IEEE International Conference on Software Maintenance (ICSM'05)},
  pages={549--558},
  year={2005},
  organization={IEEE}
}

@article{jones2003test,
  title={Test-suite reduction and prioritization for modified condition/decision coverage},
  author={Jones, James A and Harrold, Mary Jean},
  journal={IEEE Transactions on software Engineering},
  volume={29},
  number={3},
  pages={195--209},
  year={2003},
  publisher={IEEE}
}

@article{rothermel2002empirical,
  title={Empirical studies of test-suite reduction},
  author={Rothermel, Gregg and Harrold, Mary Jean and Von Ronne, Jeffery and Hong, Christie},
  journal={Software Testing, Verification and Reliability},
  volume={12},
  number={4},
  pages={219--249},
  year={2002},
  publisher={Wiley Online Library}
}

@inproceedings{heimdahl2004test,
  title={Test-suite reduction for model based tests: Effects on test quality and implications for testing},
  author={Heimdahl, Mats PE and George, Devaraj},
  booktitle={Proceedings. 19th International Conference on Automated Software Engineering, 2004.},
  pages={176--185},
  year={2004},
  organization={IEEE}
}

@inproceedings{smith2009empirical,
  title={An empirical study of incorporating cost into test suite reduction and prioritization},
  author={Smith, Adam M and Kapfhammer, Gregory M},
  booktitle={Proceedings of the 2009 ACM symposium on Applied Computing},
  pages={461--467},
  year={2009}
}

@inproceedings{zhang2011empirical,
  title={An empirical study of junit test-suite reduction},
  author={Zhang, Lingming and Marinov, Darko and Zhang, Lu and Khurshid, Sarfraz},
  booktitle={2011 IEEE 22nd International Symposium on Software Reliability Engineering},
  pages={170--179},
  year={2011},
  organization={IEEE}
}

@article{khan2018systematic,
  title={A systematic review on test suite reduction: Approaches, experiment’s quality evaluation, and guidelines},
  author={Khan, Saif Ur Rehman and Lee, Sai Peck and Javaid, Nadeem and Abdul, Wadood},
  journal={IEEE Access},
  volume={6},
  pages={11816--11841},
  year={2018},
  publisher={IEEE}
}

@article{rothermel2001prioritizing,
  title={Prioritizing test cases for regression testing},
  author={Rothermel, Gregg and Untch, Roland H. and Chu, Chengyun and Harrold, Mary Jean},
  journal={IEEE Transactions on software engineering},
  volume={27},
  number={10},
  pages={929--948},
  year={2001},
  publisher={IEEE}
}

@article{chen2010adaptive,
  title={Adaptive random testing: The art of test case diversity},
  author={Chen, Tsong Yueh and Kuo, Fei-Ching and Merkel, Robert G and Tse, TH},
  journal={Journal of Systems and Software},
  volume={83},
  number={1},
  pages={60--66},
  year={2010},
  publisher={Elsevier}
}

@article{hailpern2002software,
  title={Software debugging, testing, and verification},
  author={Hailpern, Brent and Santhanam, Padmanabhan},
  journal={IBM Systems Journal},
  volume={41},
  number={1},
  pages={4--12},
  year={2002},
  publisher={IBM}
}

@inproceedings{zhou2007automated,
  title={Automated software testing and analysis: Techniques, practices and tools},
  author={Zhou, Zhi Quan and Scholz, Bernhard and Denaro, Giovanni},
  booktitle={2007 40th Annual Hawaii International Conference on System Sciences (HICSS'07)},
  pages={260--260},
  year={2007},
  organization={IEEE}
}

@inproceedings{burnim2008heuristics,
  title={Heuristics for scalable dynamic test generation},
  author={Burnim, Jacob and Sen, Koushik},
  booktitle={2008 23rd IEEE/ACM International Conference on Automated Software Engineering},
  pages={443--446},
  year={2008},
  organization={IEEE}
}

@article{bertolino2010test,
  title={Test suite reduction in good order: comparing heuristics from a new viewpoint},
  author={Bertolino, Antonia and Cartaxo, Emanuela and Machado, Patr{\`y}cia and Marchetti, Eda and Ouriques, J},
  journal={on Testing Software and Systems: Short Papers},
  pages={13},
  year={2010}
}

@article{harrold1993methodology,
  title={A methodology for controlling the size of a test suite},
  author={Harrold, M Jean and Gupta, Rajiv and Soffa, Mary Lou},
  journal={ACM Transactions on Software Engineering and Methodology (TOSEM)},
  volume={2},
  number={3},
  pages={270--285},
  year={1993},
  publisher={ACM New York, NY, USA}
}

@inproceedings{jiang2009adaptive,
  title={Adaptive random test case prioritization},
  author={Jiang, Bo and Zhang, Zhenyu and Chan, Wing Kwong and Tse, TH},
  booktitle={2009 IEEE/ACM International Conference on Automated Software Engineering},
  pages={233--244},
  year={2009},
  organization={IEEE}
}

@article{yoo2012regression,
  title={Regression testing minimization, selection and prioritization: a survey},
  author={Yoo, Shin and Harman, Mark},
  journal={Software testing, verification and reliability},
  volume={22},
  number={2},
  pages={67--120},
  year={2012},
  publisher={Wiley Online Library}
}
